[gd_scene load_steps=4 format=2]

[ext_resource path="res://mainmenu/GUI.theme" type="Theme" id=1]
[ext_resource path="res://mainmenu/JoinWindow.gd" type="Script" id=2]
[ext_resource path="res://mainmenu/LabelError.tscn" type="PackedScene" id=3]




[node name="JoinWindow" type="WindowDialog"]
light_mask = 0
margin_right = 500.0
margin_bottom = 170.0
theme = ExtResource( 1 )
window_title = "Join game"
script = ExtResource( 2 )

[node name="VBoxContainer" type="VBoxContainer" parent="."]
light_mask = 0
anchor_right = 1.0
anchor_bottom = 1.0

[node name="LineEditName" type="LineEdit" parent="VBoxContainer"]
light_mask = 0
margin_right = 500.0
margin_bottom = 36.0
size_flags_horizontal = 9
custom_constants/minimum_spaces = 40
align = 1
expand_to_text_length = true
placeholder_text = "Name"
caret_blink = true
caret_blink_speed = 0.5

[node name="LineEditIPAddress" type="LineEdit" parent="VBoxContainer"]
light_mask = 0
margin_top = 40.0
margin_right = 500.0
margin_bottom = 76.0
custom_constants/minimum_spaces = 40
text = "localhost"
align = 1

[node name="LabelError" parent="VBoxContainer" instance=ExtResource( 3 )]
margin_top = 80.0
margin_right = 500.0
margin_bottom = 106.0

[node name="Buttons" type="HBoxContainer" parent="."]
light_mask = 0
anchor_top = 1.0
anchor_right = 1.0
anchor_bottom = 1.0
margin_top = -40.0
size_flags_horizontal = 3

[node name="CancelButton" type="Button" parent="Buttons"]
light_mask = 0
margin_right = 248.0
margin_bottom = 40.0
grow_horizontal = 2
grow_vertical = 2
size_flags_horizontal = 3
text = "Cancel"

[node name="ConnectButton" type="Button" parent="Buttons"]
light_mask = 0
margin_left = 252.0
margin_right = 500.0
margin_bottom = 40.0
size_flags_horizontal = 3
text = "Connect"
[connection signal="pressed" from="Buttons/CancelButton" to="." method="_on_cancel_pressed"]
[connection signal="pressed" from="Buttons/ConnectButton" to="." method="_on_connect_pressed"]
