[gd_scene load_steps=10 format=2]

[ext_resource path="res://mainmenu/GUI.theme" type="Theme" id=1]
[ext_resource path="res://mainmenu/MainMenu.gd" type="Script" id=2]
[ext_resource path="res://mainmenu/background_tile.png" type="Texture" id=3]
[ext_resource path="res://mainmenu/background_normal.png" type="Texture" id=4]
[ext_resource path="res://mainmenu/light-hard.png" type="Texture" id=5]
[ext_resource path="res://mainmenu/background_ambient_occlusion.png" type="Texture" id=6]
[ext_resource path="res://Lobby.gd" type="Script" id=7]
[ext_resource path="res://mainmenu/JoinWindow.tscn" type="PackedScene" id=8]
[ext_resource path="res://mainmenu/HostWindow.tscn" type="PackedScene" id=9]

[node name="MainMenu" type="Control"]
anchor_right = 1.0
anchor_bottom = 1.0
size_flags_horizontal = 3
size_flags_vertical = 3
theme = ExtResource( 1 )
script = ExtResource( 2 )

[node name="Background" type="Sprite" parent="."]
texture = ExtResource( 3 )
normal_map = ExtResource( 4 )
centered = false
region_enabled = true
region_rect = Rect2( 0, 0, 1920, 1080 )
__meta__ = {
"_edit_lock_": true
}

[node name="Light1" type="Light2D" parent="Background"]
texture = ExtResource( 5 )
texture_scale = 15.0
color = Color( 1, 0.431335, 0.0546875, 1 )
energy = 4.0
range_height = 30.0
__meta__ = {
"_edit_lock_": true
}

[node name="Light2" type="Light2D" parent="Background"]
light_mask = 2
position = Vector2( 1877.23, 1203.63 )
texture = ExtResource( 5 )
texture_scale = 15.0
color = Color( 0.292969, 1, 0.701721, 1 )
energy = 4.0
range_height = 30.0
__meta__ = {
"_edit_lock_": true
}

[node name="AmbientOcclusion" type="Sprite" parent="Background"]
texture = ExtResource( 6 )
centered = false
region_enabled = true
region_rect = Rect2( 0, 0, 1920, 1080 )
__meta__ = {
"_edit_lock_": true
}

[node name="Lobby" type="Node" parent="."]
script = ExtResource( 7 )
join_window_path = NodePath("../CanvasLayer/Control/JoinWindow")
main_menu_path = NodePath("..")

[node name="CanvasLayer" type="CanvasLayer" parent="."]
editor/display_folded = true

[node name="Control" type="Control" parent="CanvasLayer"]
anchor_right = 1.0
anchor_bottom = 1.0
size_flags_horizontal = 3
size_flags_vertical = 3
theme = ExtResource( 1 )

[node name="Menu" type="PanelContainer" parent="CanvasLayer/Control"]
anchor_bottom = 1.0
margin_right = 168.0
size_flags_horizontal = 2
size_flags_vertical = 2

[node name="VBoxContainer" type="VBoxContainer" parent="CanvasLayer/Control/Menu"]
light_mask = 0
margin_left = 5.0
margin_top = 5.0
margin_right = 163.0
margin_bottom = 995.0
size_flags_horizontal = 3
size_flags_vertical = 3
alignment = 1

[node name="GameTitle" type="Label" parent="CanvasLayer/Control/Menu/VBoxContainer"]
light_mask = 0
margin_top = 418.0
margin_right = 158.0
margin_bottom = 452.0
text = "Main Menu"
align = 1
valign = 1
uppercase = true

[node name="JoinGameButton" type="Button" parent="CanvasLayer/Control/Menu/VBoxContainer"]
light_mask = 0
margin_top = 456.0
margin_right = 158.0
margin_bottom = 492.0
text = "Join Game"

[node name="HostGameButton" type="Button" parent="CanvasLayer/Control/Menu/VBoxContainer"]
light_mask = 0
margin_top = 496.0
margin_right = 158.0
margin_bottom = 532.0
text = "Host Game"

[node name="QuitGameButton" type="Button" parent="CanvasLayer/Control/Menu/VBoxContainer"]
light_mask = 0
margin_top = 536.0
margin_right = 158.0
margin_bottom = 572.0
text = "Quit Game"

[node name="JoinWindow" parent="CanvasLayer/Control" instance=ExtResource( 8 )]
light_mask = 1

[node name="HostWindow" parent="CanvasLayer/Control" instance=ExtResource( 9 )]
light_mask = 1
[connection signal="pressed" from="CanvasLayer/Control/Menu/VBoxContainer/JoinGameButton" to="." method="_on_join_game_button_pressed"]
[connection signal="pressed" from="CanvasLayer/Control/Menu/VBoxContainer/HostGameButton" to="." method="_on_host_game_button_pressed"]
[connection signal="pressed" from="CanvasLayer/Control/Menu/VBoxContainer/QuitGameButton" to="." method="_on_quit_game_button_pressed"]
[connection signal="cancel_join" from="CanvasLayer/Control/JoinWindow" to="." method="_on_cancel_button_pressed"]
[connection signal="connect_to_server" from="CanvasLayer/Control/JoinWindow" to="." method="_on_connect_button_pressed"]
[connection signal="cancel_host" from="CanvasLayer/Control/HostWindow" to="." method="_on_cancel_button_pressed"]
[connection signal="continue_host" from="CanvasLayer/Control/HostWindow" to="." method="_on_host_continue_button_pressed"]
